<?xml version="1.0" encoding="UTF-8"?><collection xmlns="http://www.loc.gov/MARC21/slim"><record><leader>00360nam--2200121-i-4500</leader><controlfield tag="001">000021613</controlfield><controlfield tag="002">20161230</controlfield><controlfield tag="005">20161230201034</controlfield><controlfield tag="008">060222s1000------------r-----000-0-eng-d</controlfield><datafield ind1=" " ind2=" " tag="100"><subfield code="a">Hrynkiewicz, A.Z</subfield></datafield><datafield ind1=" " ind2=" " tag="245"><subfield code="a">Report 56/ii. the application of magnetic resonance in hydrodynamics</subfield></datafield><datafield ind1=" " ind2=" " tag="260"><subfield code="a">Warsaw, Polska Ak.Nauk, Inst.Badan Jadrowych, 1958. 9p</subfield></datafield><datafield ind1=" " ind2=" " tag="852"><subfield code="a">13780</subfield></datafield></record></collection>